@misc{ASTERIA,
  title = {ASTERIA: A Supernova TEst Routine for IceCube Analysis},
  year = {2020},
  publisher = {GitHub},
  journal = {GitHub repository},
  howpublished = {\url{https://github.com/icecube/ASTERIA}},
  commit = {aba968e9761fb6f340d57fbd436b452a6dcdc5dc}
}

@article{SNEWS:2021ewj,
    author = "Baxter, Amanda L. and others",
    collaboration = "SNEWS",
    title = "{SNEWPY: A Data Pipeline from Supernova Simulations to Neutrino Signals}",
    eprint = "2109.08188",
    archivePrefix = "arXiv",
    primaryClass = "astro-ph.IM",
    doi = "10.3847/1538-4357/ac350f",
    journal = "Astrophys. J.",
    volume = "925",
    number = "2",
    pages = "107",
    year = "2022"
}


@article{Baumann:2015rya,
    author = "Baumann, Daniel and Green, Daniel and Meyers, Joel and Wallisch, Benjamin",
    title = "{Phases of New Physics in the CMB}",
    eprint = "1508.06342",
    archivePrefix = "arXiv",
    primaryClass = "astro-ph.CO",
    doi = "10.1088/1475-7516/2016/01/007",
    journal = "JCAP",
    volume = "01",
    pages = "007",
    year = "2016"
}

@article{Nath:2010zj,
    author = "Nath, Pran and others",
    editor = "Alverson, George and Nath, Pran and Nelson, Brent D.",
    title = "{The Hunt for New Physics at the Large Hadron Collider}",
    eprint = "1001.2693",
    archivePrefix = "arXiv",
    primaryClass = "hep-ph",
    reportNumber = "FERMILAB-CONF-10-643-E",
    doi = "10.1016/j.nuclphysbps.2010.03.001",
    journal = "Nucl. Phys. B Proc. Suppl.",
    volume = "200-202",
    pages = "185--417",
    year = "2010"
}

@article{Loredo:2001rx,
    author = "Loredo, Thomas J. and Lamb, Don Q.",
    title = "{Bayesian analysis of neutrinos observed from supernova SN-1987A}",
    eprint = "astro-ph/0107260",
    archivePrefix = "arXiv",
    doi = "10.1103/PhysRevD.65.063002",
    journal = "Phys. Rev. D",
    volume = "65",
    pages = "063002",
    year = "2002"
}

@article{Pagliaroli:2008ur,
    author = "Pagliaroli, G. and Vissani, F. and Costantini, M. L. and Ianni, A.",
    title = "{Improved analysis of SN1987A antineutrino events}",
    eprint = "0810.0466",
    archivePrefix = "arXiv",
    primaryClass = "astro-ph",
    reportNumber = "LNGS-TH-01-08",
    doi = "10.1016/j.astropartphys.2008.12.010",
    journal = "Astropart. Phys.",
    volume = "31",
    pages = "163--176",
    year = "2009"
}


@ARTICLE{Huedepohl2010,
  author = {{H{\"u}depohl}, L. and {M{\"u}ller}, B. and {Janka}, {H.-T.} and
	{Marek}, A. and {Raffelt}, G.~G.},
  title = {{Neutrino Signal of Electron-Capture Supernovae from Core Collapse
	to Cooling}},
  journal = {Physical Review Letters},
  year = {2010},
  volume = {104},
  pages = {251101},
  number = {25},
  archiveprefix = {arXiv},
  doi = {10.1103/PhysRevLett.104.251101},
  eprint = {0912.0260},
  primaryclass = {astro-ph.SR},
}   


@article{Kamiokande-II:1987idp,
    author = "Hirata, K. and others",
    editor = "Wali, K. C.",
    collaboration = "Kamiokande-II",
    title = "{Observation of a Neutrino Burst from the Supernova SN 1987a}",
    reportNumber = "UT-ICEPP-87-01, UPR-142E",
    doi = "10.1103/PhysRevLett.58.1490",
    journal = "Phys. Rev. Lett.",
    volume = "58",
    pages = "1490--1493",
    year = "1987"
}

@article{Baksan,
title = {Detection of the neutrino signal from SN 1987A in the LMC using the INR Baksan underground scintillation telescope},
journal = {Physics Letters B},
volume = {205},
number = {2},
pages = {209-214},
year = {1988},
issn = {0370-2693},
author = {E.N. Alexeyev and L.N. Alexeyeva and I.V. Krivosheina and V.I. Volchenko},
}

@article{Bionta:1987qt,
    author = "Bionta, R. M. and others",
    title = "{Observation of a Neutrino Burst in Coincidence with Supernova SN 1987a in the Large Magellanic Cloud}",
    reportNumber = "UCI-NEUTRINO-87-10",
    doi = "10.1103/PhysRevLett.58.1494",
    journal = "Phys. Rev. Lett.",
    volume = "58",
    pages = "1494",
    year = "1987"
}


@article{Raffelt:2011nc,
    author = "Raffelt, Georg G. and Zhou, Shun",
    title = "{Supernova bound on keV-mass sterile neutrinos reexamined}",
    eprint = "1102.5124",
    archivePrefix = "arXiv",
    primaryClass = "hep-ph",
    reportNumber = "MPP-2011-21",
    doi = "10.1103/PhysRevD.83.093014",
    journal = "Phys. Rev. D",
    volume = "83",
    pages = "093014",
    year = "2011"
}

@article{Arguelles:2016uwb,
    author = {Arg\"uelles, Carlos A. and Brdar, Vedran and Kopp, Joachim},
    title = "{Production of keV Sterile Neutrinos in Supernovae: New Constraints and Gamma Ray Observables}",
    eprint = "1605.00654",
    archivePrefix = "arXiv",
    primaryClass = "hep-ph",
    reportNumber = "MITP-16-034, MITP/16-034",
    doi = "10.1103/PhysRevD.99.043012",
    journal = "Phys. Rev. D",
    volume = "99",
    number = "4",
    pages = "043012",
    year = "2019"
}


@article{Suliga:2020vpz,
    author = "Suliga, Anna M. and Tamborra, Irene and Wu, Meng-Ru",
    title = "{Lifting the core-collapse supernova bounds on keV-mass sterile neutrinos}",
    eprint = "2004.11389",
    archivePrefix = "arXiv",
    primaryClass = "astro-ph.HE",
    doi = "10.1088/1475-7516/2020/08/018",
    journal = "JCAP",
    volume = "08",
    pages = "018",
    year = "2020"
}


@article{Lucente:2021hbp,
    author = "Lucente, Giuseppe and Carenza, Pierluca",
    title = "{Supernova bound on axionlike particles coupled with electrons}",
    eprint = "2107.12393",
    archivePrefix = "arXiv",
    primaryClass = "hep-ph",
    doi = "10.1103/PhysRevD.104.103007",
    journal = "Phys. Rev. D",
    volume = "104",
    number = "10",
    pages = "103007",
    year = "2021"
}

@article{Caputo:2022rca,
    author = "Caputo, Andrea and Raffelt, Georg and Vitagliano, Edoardo",
    title = "{Radiative transfer in stars by feebly interacting bosons}",
    eprint = "2204.11862",
    archivePrefix = "arXiv",
    primaryClass = "astro-ph.SR",
    doi = "10.1088/1475-7516/2022/08/045",
    journal = "JCAP",
    volume = "08",
    number = "08",
    pages = "045",
    year = "2022"
}

@article{Caputo:2021rux,
    author = "Caputo, Andrea and Raffelt, Georg and Vitagliano, Edoardo",
    title = "{Muonic boson limits: Supernova redux}",
    eprint = "2109.03244",
    archivePrefix = "arXiv",
    primaryClass = "hep-ph",
    reportNumber = "MPP-2021-154",
    doi = "10.1103/PhysRevD.105.035022",
    journal = "Phys. Rev. D",
    volume = "105",
    number = "3",
    pages = "035022",
    year = "2022"
}

@article{PhysRevD.100.083002,
  title = {Stellar probes of dark sector-photon interactions},
  author = {Chu, Xiaoyong and Kuo, Jui-Lin and Pradler, Josef and Semmelrock, Lukas},
  journal = {Phys. Rev. D},
  volume = {100},
  issue = {8},
  pages = {083002},
  numpages = {21},
  year = {2019},
  month = {Oct},
  publisher = {American Physical Society},
  doi = {10.1103/PhysRevD.100.083002},
  url = {https://link.aps.org/doi/10.1103/PhysRevD.100.083002}
}



@article{DeRocco:2019njg,
    author = "DeRocco, William and Graham, Peter W. and Kasen, Daniel and Marques-Tavares, Gustavo and Rajendran, Surjeet",
    title = "{Observable signatures of dark photons from supernovae}",
    eprint = "1901.08596",
    archivePrefix = "arXiv",
    primaryClass = "hep-ph",
    doi = "10.1007/JHEP02(2019)171",
    journal = "JHEP",
    volume = "02",
    pages = "171",
    year = "2019"
}


@article{Kazanas:2014mca,
    author = "Kazanas, Demos and Mohapatra, Rabindra N. and Nussinov, Shmuel and Teplitz, Vigdor L. and Zhang, Yongchao",
    title = "{Supernova Bounds on the Dark Photon Using its Electromagnetic Decay}",
    eprint = "1410.0221",
    archivePrefix = "arXiv",
    primaryClass = "hep-ph",
    reportNumber = "UMD-PP--014-015",
    doi = "10.1016/j.nuclphysb.2014.11.009",
    journal = "Nucl. Phys. B",
    volume = "890",
    pages = "17--29",
    year = "2014"
}


@article{Magill:2018jla,
    author = "Magill, Gabriel and Plestid, Ryan and Pospelov, Maxim and Tsai, Yu-Dai",
    title = "{Dipole Portal to Heavy Neutral Leptons}",
    eprint = "1803.03262",
    archivePrefix = "arXiv",
    primaryClass = "hep-ph",
    reportNumber = "FERMILAB-PUB-18-745-A",
    doi = "10.1103/PhysRevD.98.115015",
    journal = "Phys. Rev. D",
    volume = "98",
    number = "11",
    pages = "115015",
    year = "2018"
}


@article{Brdar:2023tmi,
    author = "Brdar, Vedran and de Gouv\^ea, Andr\'e and Li, Ying-Ying and Machado, Pedro A. N.",
    title = "{Neutrino magnetic moment portal and supernovae: New constraints and multimessenger opportunities}",
    eprint = "2302.10965",
    archivePrefix = "arXiv",
    primaryClass = "hep-ph",
    reportNumber = "FERMILAB-PUB-23-063-T, NUHEP-TH/23-01, CERN-TH-2023-024, USTC-ICTS/PCFT-23-06",
    doi = "10.1103/PhysRevD.107.073005",
    journal = "Phys. Rev. D",
    volume = "107",
    number = "7",
    pages = "073005",
    year = "2023"
}

@article{Fiorillo:2022cdq,
    author = "Fiorillo, Damiano F. G. and Raffelt, Georg G. and Vitagliano, Edoardo",
    title = "{Strong Supernova 1987A Constraints on Bosons Decaying to Neutrinos}",
    eprint = "2209.11773",
    archivePrefix = "arXiv",
    primaryClass = "hep-ph",
    doi = "10.1103/PhysRevLett.131.021001",
    journal = "Phys. Rev. Lett.",
    volume = "131",
    number = "2",
    pages = "021001",
    year = "2023"
}


@article{IceCube:2013low,
    author = "Aartsen, M. G. and others",
    collaboration = "IceCube",
    title = "{Evidence for High-Energy Extraterrestrial Neutrinos at the IceCube Detector}",
    eprint = "1311.5238",
    archivePrefix = "arXiv",
    primaryClass = "astro-ph.HE",
    doi = "10.1126/science.1242856",
    journal = "Science",
    volume = "342",
    pages = "1242856",
    year = "2013"
}


@article{IceCube:2014stg,
    author = "Aartsen, M. G. and others",
    collaboration = "IceCube",
    title = "{Observation of High-Energy Astrophysical Neutrinos in Three Years of IceCube Data}",
    eprint = "1405.5303",
    archivePrefix = "arXiv",
    primaryClass = "astro-ph.HE",
    doi = "10.1103/PhysRevLett.113.101101",
    journal = "Phys. Rev. Lett.",
    volume = "113",
    pages = "101101",
    year = "2014"
}




@article{IceCube:2018cha,
    author = "Aartsen, M. G. and others",
    collaboration = "IceCube",
    title = "{Neutrino emission from the direction of the blazar TXS 0506+056 prior to the IceCube-170922A alert}",
    eprint = "1807.08794",
    archivePrefix = "arXiv",
    primaryClass = "astro-ph.HE",
    doi = "10.1126/science.aat2890",
    journal = "Science",
    volume = "361",
    number = "6398",
    pages = "147--151",
    year = "2018"
}

@article{IceCube:2023ame,
    author = "Abbasi, R. and others",
    collaboration = "IceCube",
    title = "{Observation of high-energy neutrinos from the Galactic plane}",
    eprint = "2307.04427",
    archivePrefix = "arXiv",
    primaryClass = "astro-ph.HE",
    doi = "10.1126/science.adc9818",
    journal = "Science",
    volume = "380",
    number = "6652",
    pages = "adc9818",
    year = "2023"
}

@article{IceCube:2022der,
    author = "Abbasi, R. and others",
    collaboration = "IceCube",
    title = "{Evidence for neutrino emission from the nearby active galaxy NGC 1068}",
    eprint = "2211.09972",
    archivePrefix = "arXiv",
    primaryClass = "astro-ph.HE",
    doi = "10.1126/science.abg3395",
    journal = "Science",
    volume = "378",
    number = "6619",
    pages = "538--543",
    year = "2022"
}

@article{Kopke:2017req,
    author = {K\"opke, Lutz},
    collaboration = "IceCube",
    title = "{Improved Detection of Supernovae with the IceCube Observatory}",
    eprint = "1704.03823",
    archivePrefix = "arXiv",
    primaryClass = "astro-ph.HE",
    doi = "10.1088/1742-6596/1029/1/012001",
    journal = "J. Phys. Conf. Ser.",
    volume = "1029",
    number = "1",
    pages = "012001",
    year = "2018"
}



@ARTICLE{SN2011,
       author = "{Abbasi, R. et al. {IceCube Collaboration}}",
        title = "{IceCube sensitivity for low-energy neutrinos from nearby supernovae}",
      journal = {A\&A},
     keywords = {Astrophysics - High Energy Astrophysical Phenomena},
         year = 2011,
        month = nov,
       volume = {535},
          eid = {A109},
        pages = {A109},
          doi = {10.1051/0004-6361/201117810},
archivePrefix = {arXiv},
       eprint = {1108.0171},
 primaryClass = {astro-ph.HE},
       adsurl = {https://ui.adsabs.harvard.edu/abs/2011A&A...535A.109A},
      adsnote = {Provided by the SAO/NASA Astrophysics Data System}
}

@article{Brdar:2020quo,
    author = "Brdar, Vedran and Greljo, Admir and Kopp, Joachim and Opferkuch, Toby",
    title = "{The Neutrino Magnetic Moment Portal: Cosmology, Astrophysics, and Direct Detection}",
    eprint = "2007.15563",
    archivePrefix = "arXiv",
    primaryClass = "hep-ph",
    reportNumber = "CERN-TH-2020-130, MITP/20-041",
    doi = "10.1088/1475-7516/2021/01/039",
    journal = "JCAP",
    volume = "01",
    pages = "039",
    year = "2021"
}
@article{Plestid:2020vqf,
    author = "Plestid, Ryan",
    title = "{Luminous solar neutrinos I: Dipole portals}",
    eprint = "2010.04193",
    archivePrefix = "arXiv",
    primaryClass = "hep-ph",
    reportNumber = "FERMILAB-PUB-20-521-T-V",
    doi = "10.1103/PhysRevD.104.075027",
    journal = "Phys. Rev. D",
    volume = "104",
    pages = "075027",
    year = "2021"
}
@article{Jaeckel:2017tud,
    author = "Jaeckel, J. and Malta, P. C. and Redondo, J.",
    title = "{Decay photons from the axionlike particles burst of type II supernovae}",
    eprint = "1702.02964",
    archivePrefix = "arXiv",
    primaryClass = "hep-ph",
    doi = "10.1103/PhysRevD.98.055032",
    journal = "Phys. Rev. D",
    volume = "98",
    number = "5",
    pages = "055032",
    year = "2018"
}
@article{Arg_elles_2019,
   title={Production of keV sterile neutrinos in supernovae: New constraints and gamma-ray observables},
   volume={99},
   ISSN={2470-0029},
   url={http://dx.doi.org/10.1103/PhysRevD.99.043012},
   DOI={10.1103/physrevd.99.043012},
   number={4},
   journal={Physical Review D},
   publisher={American Physical Society (APS)},
   author={Argüelles, Carlos A. and Brdar, Vedran and Kopp, Joachim},
   year={2019},
   month=feb }
@article{Suliga_2020,
   title={Lifting the core-collapse supernova bounds on keV-mass sterile neutrinos},
   volume={2020},
   ISSN={1475-7516},
   url={http://dx.doi.org/10.1088/1475-7516/2020/08/018},
   DOI={10.1088/1475-7516/2020/08/018},
   number={08},
   journal={Journal of Cosmology and Astroparticle Physics},
   publisher={IOP Publishing},
   author={Suliga, Anna M. and Tamborra, Irene and Wu, Meng-Ru},
   year={2020},
   month=aug, pages={018–018} }

@article{IceCube:2019acm,
    author = "Aartsen, M. G. and others",
    collaboration = "IceCube",
    title = "{A Search for MeV to TeV Neutrinos from Fast Radio Bursts with IceCube}",
    eprint = "1908.09997",
    archivePrefix = "arXiv",
    primaryClass = "astro-ph.HE",
    doi = "10.3847/1538-4357/ab564b",
    journal = "Astrophys. J.",
    volume = "890",
    number = "2",
    pages = "111",
    year = "2020"
}

@software{spencer_griswold_2020_3926835,
  author       = {Spencer Griswold and
                  Segev BenZvi and
                  Navya Uberoi and
                  Robert Cross},
  title        = {IceCubeOpenSource/ASTERIA: v1.0.0},
  month        = Jul,
  year         = 2020,
  publisher    = {Zenodo},
  version      = {v.1.0.0},
  doi          = {10.5281/zenodo.3926835},
  url          = {https://doi.org/10.5281/zenodo.3926835}
}
@misc{baxter2021snewpy,
      title={SNEWPY: A Data Pipeline from Supernova Simulations to Neutrino Signals}, 
      author={Amanda L. Baxter and Segev BenZvi and Joahan Castaneda Jaimes and Alexis Coleiro and Marta Colomer Molla and Damien Dornic and Tomer Goldhagen and Anne M. Graf and Spencer Griswold and Alec Habig and Remington Hill and Shunsaku Horiuchi James P. Kneller Rafael F. Lang and Massimiliano Lincetto and Jost Migenda and Ko Nakamura and Evan O'Connor and Andrew Renshaw and Kate Scholberg and Navya Uberoi and Arkin Worlikar},
      year={2021},
      eprint={2109.08188},
      archivePrefix={arXiv},
      primaryClass={astro-ph.IM}
}
@article{Reed:2005en,
    author = "Reed, B. Cameron",
    title = "{New estimates of the solar-neighborhood massive-stars birthrate and the Galactic supernova rate}",
    eprint = "astro-ph/0506708",
    archivePrefix = "arXiv",
    doi = "10.1086/444474",
    journal = "Astron. J.",
    volume = "130",
    pages = "1652--1657",
    year = "2005"
}

@article{Rozwadowska:2020nab,
    author = "Rozwadowska, Karolina and Vissani, Francesco and Cappellaro, Enrico",
    title = "{On the rate of core collapse supernovae in the milky way}",
    eprint = "2009.03438",
    archivePrefix = "arXiv",
    primaryClass = "astro-ph.HE",
    doi = "10.1016/j.newast.2020.101498",
    journal = "New Astron.",
    volume = "83",
    pages = "101498",
    year = "2021"
}

@inproceedings{Griswold:2023iwz,
    author = "Griswold, Spencer and BenZvi, Segev",
    collaboration = "IceCube",
    title = "{Galactic Core-Collapse Supernovae at IceCube: ''Fire Drill'' Data Challenges and follow-up}",
    booktitle = "{38th International Cosmic Ray Conference}",
    eprint = "2308.01843",
    archivePrefix = "arXiv",
    primaryClass = "astro-ph.HE",
    reportNumber = "PoS-ICRC2023-1111",
    month = "8",
    year = "2023"
}

@misc{li2023old,
      title={Old Data, New Forensics: The First Second of SN 1987A Neutrino Emission}, 
      author={Shirley Weishi Li and John F. Beacom and Luke F. Roberts and Francesco Capozzi},
      year={2023},
      eprint={2306.08024},
      archivePrefix={arXiv},
      primaryClass={astro-ph.HE}
}
@article{PhysRevLett.128.221103,
  title = {Low-Energy Supernovae Severely Constrain Radiative Particle Decays},
  author = {Caputo, Andrea and Janka, Hans-Thomas and Raffelt, Georg and Vitagliano, Edoardo},
  journal = {Phys. Rev. Lett.},
  volume = {128},
  issue = {22},
  pages = {221103},
  numpages = {7},
  year = {2022},
  month = {Jun},
  publisher = {American Physical Society},
  doi = {10.1103/PhysRevLett.128.221103},
  url = {https://link.aps.org/doi/10.1103/PhysRevLett.128.221103}
}
@article{Brdar_2018,
   title={Neutrino astronomy with supernova neutrinos},
   volume={2018},
   ISSN={1475-7516},
   url={http://dx.doi.org/10.1088/1475-7516/2018/04/025},
   DOI={10.1088/1475-7516/2018/04/025},
   number={04},
   journal={Journal of Cosmology and Astroparticle Physics},
   publisher={IOP Publishing},
   author={Brdar, Vedran and Lindner, Manfred and Xu, Xun-Jie},
   year={2018},
   month=apr, pages={025–025} }

@article{IceCube:2011cwc,
    author = "Abbasi, R. and others",
    collaboration = "IceCube",
    title = "{IceCube Sensitivity for Low-Energy Neutrinos from Nearby Supernovae}",
    eprint = "1108.0171",
    archivePrefix = "arXiv",
    primaryClass = "astro-ph.HE",
    doi = "10.1051/0004-6361/201117810e",
    journal = "Astron. Astrophys.",
    volume = "535",
    pages = "A109",
    year = "2011",
    note = "[Erratum: Astron.Astrophys. 563, C1 (2014)]"
}
